<record><leader>00000cas a22000007a 4500</leader><controlfield tag="001">13999590</controlfield><controlfield tag="008">860801d18591859wiuwr ne      0    0dut d</controlfield><datafield ind1=" " ind2=" " tag="010"><subfield code="a">sn 86086268 </subfield></datafield><datafield ind1=" " ind2=" " tag="040"><subfield code="a">NPV</subfield><subfield code="b">eng</subfield><subfield code="c">NPV</subfield><subfield code="d">OCLCQ</subfield></datafield><datafield ind1=" " ind2=" " tag="042"><subfield code="a">msc</subfield></datafield><datafield ind1="0" ind2="3" tag="245"><subfield code="a">De Ware burger.</subfield></datafield><datafield ind1=" " ind2=" " tag="260"><subfield code="a">Waupun, Wis. :</subfield><subfield code="b">C.G. Van Altena &amp; S.H. Salverda</subfield></datafield><datafield ind1=" " ind2=" " tag="300"><subfield code="a">v.</subfield></datafield><datafield ind1=" " ind2=" " tag="310"><subfield code="a">Weekly</subfield></datafield><datafield ind1="1" ind2=" " tag="362"><subfield code="a">Began Jan., 1859; ceased with Oct. 4, 1859 issue.</subfield><subfield code="z">Cf. Oehlerts, d. E. Guide to Wis. newspapers.</subfield></datafield><datafield ind1=" " ind2=" " tag="588"><subfield code="a">Description based on: Jaarg. 1, no. 13 (4 Oct., 1859).</subfield></datafield><datafield ind1=" " ind2=" " tag="752"><subfield code="a">United States</subfield><subfield code="b">Wisconsin</subfield><subfield code="c">Fond du Lac</subfield><subfield code="d">Waupun.</subfield></datafield></record>